%=========== Gerenciamento e análise de dados ============= 

@article{Khaleghi2013Multi,
title = "Multisensor data fusion: A review of the state-of-the-art ",
journal = "Information Fusion ",
year = "2013",
issn = "1566-2535",
doi = "http://dx.doi.org/10.1016/j.inffus.2011.08.001",
url = "http://www.sciencedirect.com/science/article/pii/S1566253511000558",
author = "Bahador Khaleghi and Alaa Khamis and Fakhreddine O. Karray and Saiedeh 
N. Razavi",
keywords = "Multisensor data fusion",
keywords = "Taxonomy",
keywords = "Fusion methodologies "
}


@article{Abu-Elkheir2013,
author = {Abu-Elkheir, Mervat and Hayajneh, Mohammad and Ali, Najah Abu},
doi = {10.3390/s131115582},
isbn = {1424-8220 (Electronic)$\backslash$r1424-8220 (Linking)},
issn = {14248220},
journal = {Sensors (Switzerland)},
keywords = {Data management,Internet of Things,Sensor networks},
mendeley-groups = {Series and Data,Paper:Series Clustering,IoT,Big Data,Survey 
and Taxonomy},
number = {11},
pages = {15582--15612},
pmid = {24240599},
title = {{Data management for the Internet of Things: Design primitives and 
solution}},
volume = {13},
year = {2013}
}


@article{BorgesNeto2015,
author = {{Borges Neto}, Joao B. and Silva, Thiago H and Assun{\c{c}}{\~{a}}o, 
Renato Martins and Mini, Raquel A F and Loureiro, Antonio A F},
doi = {10.3390/s150306607},
isbn = {5531340958},
journal = {Sensors},
keywords = {"Internet of Things,Sensing Reliability",sensor search and 
selection},
mendeley-groups = {Series and Data,Paper:Series Clustering,IoT,Paper:IoT 
Magazine},
number = {3},
pages = {6607--6632},
title = {{Sensing in the Collaborative Internet of Things}},
volume = {15},
year = {2015}
}

@article{Bellavista2012,
author = {Bellavista, Paolo and Corradi, Antonio and Fanelli, Mario and 
Foschini, Luca},
doi = {10.1145/2333112.2333119},
issn = {03600300},
journal = {ACM Computing Surveys},
mendeley-groups = {IoT,Paper:Series Clustering,Survey and 
Taxonomy,Context,UbiComp},
month = {aug},
number = {4},
pages = {1--45},
title = {{A survey of context data distribution for mobile ubiquitous systems}},
url = {http://dl.acm.org/citation.cfm?doid=2333112.2333119},
volume = {44},
year = {2012}
}


@article{Tsai2014,
author = {Tsai, Chun Wei and Lai, Chin Feng and Chiang, Ming Chao and Yang, 
Laurence T.},
doi = {10.1109/SURV.2013.103013.00206},
isbn = {1553-877X VO  - 16},
issn = {1553877X},
journal = {IEEE Communications Surveys and Tutorials},
keywords = {Internet of Things,data mining},
mendeley-groups = {Series and Data,Paper:Series Clustering,Survey and Taxonomy},
number = {1},
pages = {77--97},
title = {{Data mining for internet of things: A survey}},
volume = {16},
year = {2014}
}

@article{Perera2014,
archivePrefix = {arXiv},
arxivId = {arXiv:1309.3618v1},
author = {Perera, C and Zaslavsky, A and Liu, C H and Compton, M and Christen, P 
and Georgakopoulos, D},
doi = {10.1109/JSEN.2013.2282292},
eprint = {arXiv:1309.3618v1},
isbn = {1530-437X VO - 14},
issn = {1530-437X},
journal = {Sensors Journal, IEEE},
keywords = {Internet of Things},
mendeley-groups = {Paper:Series Clustering,Sensors,Services,IoT},
number = {2},
pages = {406--420},
title = {{Sensor Search Techniques for Sensing as a Service Architecture for the 
Internet of Things}},
url = {http://ieeexplore.ieee.org/articleDetails.jsp?arnumber=6605518},
volume = {14},
year = {2014}
}

@inproceedings{Ma2013,
author = {Ma, Meng and Wang, Ping and Chu, Chao-Hsien},
booktitle = {2013 IEEE International Conference on Green Computing and 
Communications and IEEE Internet of Things and IEEE Cyber, Physical and Social 
Computing},
doi = {10.1109/GreenCom-iThings-CPSCom.2013.199},
isbn = {978-0-7695-5046-6},
keywords = {3g,4g wireless networks and,big data,cleaning,data,data 
management,data storage,event processing,internet of things,iot a seamless 
control,middleware,over pervasive objects,private networks provides},
mendeley-groups = {IoT/Applications,Big Data,Survey and Taxonomy},
month = {aug},
pages = {1144--1151},
publisher = {IEEE},
title = {{Data Management for Internet of Things: Challenges, Approaches and 
Opportunities}},
url = {http://ieeexplore.ieee.org/lpdocs/epic03/wrapper.htm?arnumber=6682212},
year = {2013}
}



%=========== Sistemas operacionais =============
@incollection{levis2005tinyos,
  title={Tinyos: An operating system for sensor networks},
  author={Levis, Philip and Madden, Sam and Polastre, Joseph and Szewczyk, 
Robert and Whitehouse, Kamin and Woo, Alec and Gay, David and Hill, Jason and 
Welsh, Matt and Brewer, Eric and others},
  booktitle={Ambient intelligence},
  pages={115--148},
  year={2005},
  publisher={Springer}
}

@inproceedings{dunkels2004contiki,
  title={{Contiki-a lightweight and flexible operating system for tiny networked 
sensors}},
  author={Dunkels, Adam and Gr{\"o}nvall, Bj{\"o}rn and Voigt, Thiemo},
  booktitle={Local Computer Networks, 2004. 29th Annual IEEE International 
Conference on},
  year={2004},
  organization={IEEE}
}

%=========== IoT caracterização e protocolos =============

@ONLINE {memsic2015telosb,
    author = "MEMSIC",
    title  = "TELOSB MOTE PLATFORM",
    year   = "2015",
    url    = 
"http://www.memsic.com/userfiles/files/Datasheets/WSN/telosb_datasheet.pdf"
}

@ONLINE {memsic2015iris,
    author = "MEMSIC",
    title  = "IRIS WIRELESS MEASUREMENT SYSTEM",
    year   = "2015",
    url    = 
"http://www.memsic.com/userfiles/files/Datasheets/WSN/IRIS_Datasheet.pdf"
}

@article{ludovici2013tinycoap,
  title={{TinyCoAP: a novel constrained application protocol (CoAP) 
implementation for embedding RESTful web services in wireless sensor networks 
based on TinyOS}},
  author={Ludovici, Alessandro and Moreno, Pol and Calveras, Anna},
  journal={Journal of Sensor and Actuator Networks},
  volume={2},
  number={2},
  pages={288--315},
  year={2013},
  publisher={Multidisciplinary Digital Publishing Institute}
}

@article{ko2011connecting,
  title={{Connecting low-power and lossy networks to the internet}},
  author={Ko, JeongGil and Terzis, Andreas and Dawson-Haggerty, Stephen and 
Culler, David E and Hui, Jonathan W and Levis, Philip},
  journal={Communications Magazine, IEEE},
  volume={49},
  number={4},
  pages={96--101},
  year={2011},
  publisher={IEEE}
}

@inproceedings{hunkeler2008mqtt,
  title={{MQTT-S—A publish/subscribe protocol for Wireless Sensor Networks}},
  author={Hunkeler, Urs and Truong, Hong Linh and Stanford-Clark, Andy},
  booktitle={Communication systems software and middleware and workshops, 2008. 
comsware 2008. 3rd international conference on},
  pages={791--798},
  year={2008},
  organization={IEEE}
}

@INPROCEEDINGS{peres2015alocacc, 
author={Peres, Bruna Soares and Goussevskaia, Olga}, 
booktitle={Computer Networks and Distributed Systems (SBRC), 2015 XXXIII 
Brazilian Symposium on}, 
title={{IPv6 Multihop Host Configuration for Low-Power Wireless Networks}}, 
year={2015}, 
pages={189-198}, 
keywords={Memory management;Network topology;Robustness;Routing;Spread spectrum 
communication;Topology;Wireless networks;IPv6;Low Power and Lossy 
Networks;RPL;Routing Protocol;Self-Organizing network}, 
doi={10.1109/SBRC.2015.31}, 
month={May},}


@INPROCEEDINGS{Santos2015extend, 
author={Santos, B.P. and Vieira, M.A.M. and Vieira, L.F.M.}, 
booktitle={Wireless Communications and Networking Conference (WCNC), 2015 
IEEE}, 
title={{eXtend Collection Tree Protocol}}, 
year={2015}, 
pages={1512-1517}, 
keywords={automatic repeat request;routing protocols;telecommunication 
control;transport protocols;trees (mathematics);wireless sensor networks;AODV 
protocols;ARQ;CTP control plane packets;TOSSIM;TinyOS;XCTP;ad hoc on demand 
distance vector protocols;automatic repeat request;de-facto standard 
collection;error control;extend collection tree protocol;root node;routing 
protocol;sensor nodes;transport automatic piggyback protocol;transport layer 
protocols;wireless sensor network;Peer-to-peer 
computing;Reliability;Routing;Routing protocols;Sensors;Wireless sensor 
networks}, 
doi={10.1109/WCNC.2015.7127692}, 
month={March},}

@article{shelby2014constrained,
  title={{The constrained application protocol (CoAP)}},
  author={Shelby, Zach and Hartke, Klaus and Bormann, Carsten},
  year={2014}
}

@article{winter2012rpl,
  title={{RPL: IPv6 routing protocol for low-power and lossy networks}},
  author={Winter, Tim},
  year={2012}
}


@article{Borgia2014,
author = {Borgia, Eleonora},
doi = {10.1016/j.comcom.2014.09.008},
issn = {0140-3664},
journal = {Computer Communications},
keywords = {internet of things,iot},
mendeley-groups = {IoT,Survey and Taxonomy},
pages = {1--31},
publisher = {Elsevier B.V.},
title = {{The Internet of Things vision : Key features , applications and open 
issues}},
url = {http://dx.doi.org/10.1016/j.comcom.2014.09.008},
volume = {54},
year = {2014}
}

@article{Lee2015,
author = {Lee, In and Lee, Kyoochun},
doi = {10.1016/j.bushor.2015.03.008},
issn = {00076813},
journal = {Business Horizons},
mendeley-groups = {IoT,Survey and Taxonomy},
number = {4},
pages = {431--440},
publisher = {"Kelley School of Business, Indiana University"},
title = {{The Internet of Things (IoT): Applications, investments, and 
challenges for enterprises}},
url = {http://linkinghub.elsevier.com/retrieve/pii/S0007681315000373},
volume = {58},
year = {2015}
}

@article{Gubbi2013,
author = {Gubbi, Jayavardhana and Buyya, Rajkumar and Marusic, Slaven and 
Palaniswami, Marimuthu},
doi = {10.1016/j.future.2013.01.010},
issn = {0167739X},
journal = {Future Generation Computer Systems},
mendeley-groups = {Services,Paper:Series Clustering,IoT,Survey and Taxonomy},
month = {sep},
number = {7},
pages = {1645--1660},
publisher = {Elsevier B.V.},
title = {{Internet of Things (IoT): A vision, architectural elements, and future 
directions}},
url = {http://linkinghub.elsevier.com/retrieve/pii/S0167739X13000241},
volume = {29},
year = {2013}
}

@article{Atzori2010,
author = {Atzori, Luigi and Iera, Antonio and Morabito, Giacomo},
doi = {10.1016/j.comnet.2010.05.010},
isbn = {1389-1286},
issn = {13891286},
journal = {Computer Networks},
keywords = {Internet of Things,Pervasive computing,RFID systems},
mendeley-groups = {IoT,Survey and Taxonomy},
number = {15},
pages = {2787--2805},
publisher = {Elsevier B.V.},
title = {{The Internet of Things: A survey}},
url = {http://dx.doi.org/10.1016/j.comnet.2010.05.010},
volume = {54},
year = {2010}
}

@article{ShanzhiChen2014,
author = {{Shanzhi Chen} and {Hui Xu} and {Dake Liu} and {Bo Hu} and {Hucheng 
Wang}},
doi = {10.1109/JIOT.2014.2337336},
isbn = {2327-4662 VO - 1},
issn = {2327-4662},
journal = {IEEE Internet of Things Journal},
mendeley-groups = {IoT,Survey and Taxonomy},
month = {aug},
number = {4},
pages = {349--359},
title = {{A Vision of IoT: Applications, Challenges, and Opportunities With 
China Perspective}},
url = {http://ieeexplore.ieee.org/lpdocs/epic03/wrapper.htm?arnumber=6851114},
volume = {1},
year = {2014}
}

@article{Zanella2014,
author = {Zanella, Andrea and Bui, Nicola and Castellani, Angelo and Vangelista, 
Lorenzo and Zorzi, Michele},
doi = {10.1109/JIOT.2014.2306328},
issn = {2327-4662},
journal = {IEEE Internet of Things Journal},
keywords = {6lowPAN,Business,Cities and towns,Constrained Application Protocol 
(CoAP),Efficient XML Interchange (EXI),IEEE 802.15 Standards,Monitoring,Smart 
Cities,Smart buildings,Smart homes,Urban areas,network architecture,sensor 
system integration,service functions and management,testbed and trials},
mendeley-groups = {IoT,UrbanComp,Services,Survey and Taxonomy},
month = {feb},
number = {1},
pages = {22--32},
title = {{Internet of Things for Smart Cities}},
url = {http://ieeexplore.ieee.org/lpdocs/epic03/wrapper.htm?arnumber=6740844},
volume = {1},
year = {2014}
}


%=========== MINICURSOS SBRC =============
@inproceedings{loureiro2003redes,
  title={{Redes de sensores sem fio}},
  author={Loureiro, Antonio AF and Nogueira, Jos{\'e} Marcos S and Ruiz, 
Linnyer Beatrys and Mini, Raquel Aparecida de Freitas and Nakamura, Eduardo 
Freire and Figueiredo, Carlos Maur{\i}cio Ser{\'o}dio},
  booktitle={Simp{\'o}sio Brasileiro de Redes de Computadores (SBRC)},
  pages={179--226},
  year={2003}
}

@misc{franca2011web,
  title={{Web das coisas: conectando dispositivos f{\'\i}sicos ao mundo 
digital}},
  author={de Fran{\c{c}}a, Tiago C and Pires, Paulo F and Pirmez, Luci and 
Delicato, Fl{\'a}via C and Farias, Claudio},
  journal={XXVII Simp{\'o}sio Brasileiro de Redes de Computadores e Sistemas 
Distribu{\'\i}dos, Brasil},
  year={2011}
}

@article{vieira2010redes,
  title={{Redes de Sensores Aqu{\'a}ticas}},
  author={Vieira, L and Loureiro, A and Fernandes, A and Campos, Mario},
  journal={XXVIII Simp{\'o}sio Brasileiro de Redes de Computadores e Sistemas 
Distribu{\'\i}dos, Gramado, RS, Brasil},
  volume={24},
  year={2010}
}

@misc{pires2015plataformas,
  title={{Plataformas para a Internet das Coisas}},
  author={Paulo F. Pires, Flavia C. Delicato, Thais Batista},
  journal={XXXIII Simp{\'o}sio Brasileiro de Redes de Computadores e Sistemas 
Distribu{\'\i}dos, Vitória, ES, Brasil},
  year={2015}
}

%=========== LIVROS =============

@book{chaouchi2013internet,
  title={{The internet of things: connecting objects}},
  author={Chaouchi, Hakima},
  year={2013},
  publisher={John Wiley \& Sons}
}

@book{vasseur2010interconnecting,
  title={{Interconnecting smart objects with ip: The next internet}},
  author={Vasseur, Jean-Philippe and Dunkels, Adam},
  year={2010},
  publisher={Morgan Kaufmann}
}