% This file was created with JabRef 2.4.
% Encoding: Cp1252

%%%%%%%%%%%%%%%Smart City%%%%%%%%%%%%%%%%%
@ARTICLE{Cardone2011,
  author = {Cardone, G. and Bellavista, P. and Corradi, A. and Foschini, L.},
  title = {Effective collaborative monitoring in smart cities: Converging MANET
	and WSN for fast},
  journal = {Kaleidoscope 2011: The Fully Networked Human? - Innovations for Future
	Networks and Services (K-2011), Proceedings of ITU},
  year = {2011},
}


@ARTICLE{Gil2011,
  author = {Gil-Castineira, F. and Costa-Montenegro, E. and Gonzalez-Castano,
	F.J. and Lopez-Bravo, C. and Ojala, T. and Bose, R.},
  title = {Experiences inside the Ubiquitous Oulu Smart City},
  journal = {Computer},
  year = {2011},
}

@ARTICLE{Morvaj2011,
  author = {Morvaj, B. and Lugaric, L. and Krajcar, S.},
  title = {Demonstrating smart buildings and smart grid features in a smart
	energy city},
  journal = {Energetics (IYCE), Proceedings of the 2011 3rd International Youth
	Conference on},
  year = {2011},
}

@INPROCEEDINGS{Nam2011,
  author = {Nam, Taewoo and Pardo, Theresa A.},
  title = {Smart city as urban innovation: focusing on management, policy, and
	context},
  booktitle = {Proceedings of the 5th International Conference on Theory and Practice
	of Electronic Governance},
  year = {2011},
  series = {ICEGOV '11},
  pages = {185--194},
  address = {New York, NY, USA},
  publisher = {ACM},
  acmid = {2072100},
  doi = {10.1145/2072069.2072100},
  isbn = {978-1-4503-0746-8},
  keywords = {public sector innovation, smart city, sociotechnical perspective,
	urban innovation},
  location = {Tallinn, Estonia},
  numpages = {10},
  url = {http://doi.acm.org/10.1145/2072069.2072100},
}


%%%%%%%%%%%%%%%%Caracterização de Usuário de rede móvel%%%%%%%%%%%%%

@ARTICLE{Chen2009,
  author = {Chen, C. and Yang-seok Choi and Himayat, N. and Ho, M. and Kravtsov,
	V. and Guangjie Li and Qinghua Li and Lomnitz, Y. and Hongmei Sun
	and Hua Yang and Talwar, S. and Hujun Yin and Hongming Zheng and
	Shanshan Zheng},
  title = {Multi-user MIMO and adaptive frequency reuse for next-generation
	mobile broadband networks},
  journal = {Acoustics, Speech and Signal Processing, 2009. ICASSP 2009. IEEE
	International Conference on},
  year = {2009},
  pages = {3617 -3620},
}

@ARTICLE{Peng2009,
  author = {Peng-Ting Chen and Hsin-Pei Hsieh and Cheng, J.Z. and Yu-Sheng Lin},
  title = {Broadband mobile advertisement: What are the right ingredient and
	attributes for mobile subscribers},
  journal = {Management of Engineering Technology, 2009. PICMET 2009. Portland
	International Conference on},
  year = {2009},
}

@ARTICLE{Ran2009,
  author = {Ran-Fun Chiu and Yuan-Sen Yeh and Chi, S. and Lee, R. and Aking Wu
	and Huai-Jen Chang and Linus Chang},
  title = {Kaohsiung County Broadband Mobile Network},
  journal = {Software Engineering, Artificial Intelligences, Networking and Parallel/Distributed
	Computing, 2009. SNPD '09. 10th ACIS International Conference on},
  year = {2009},
}

@ARTICLE{Farag1995,
  author = {Farag, E. and Saleh, M. and Elnady, N. and Elmasry, M.},
  title = {Structure and network control of a hierarchical mobile network architecture},
  journal = {Computers and Communications, 1995. Conference Proceedings of the
	1995 IEEE Fourteenth Annual International Phoenix Conference on},
  year = {1995},
}
@ARTICLE{Gummadi2003,
  author = {Gummadi, Krishna P. and Dunn, Richard J. and Saroiu, Stefan and Gribble,
	Steven D. and Levy, Henry M. and Zahorjan, John},
  title = {Measurement, modeling, and analysis of a peer-to-peer file-sharing
	workload},
  journal = {Proceedings of the nineteenth ACM symposium on Operating systems
	principles},
  year = {2003},
}

@ARTICLE{Haider2011,
  author = {Haider, F. and Hepfsaydir, E. and Binucci, N.},
  title = {Performance Analysis of a Live Mobile Broadband-HSDPA Network},
  journal = {Vehicular Technology Conference (VTC Spring), 2011 IEEE 73rd},
  year = {2011},
}

@ARTICLE{Chung2007,
  author = {Chung-Ming Huang and Tz-Heng Hsu and Ming-Fa Hsu},
  title = {Network-aware P2P file sharing over the wireless mobile networks},
  journal = {Selected Areas in Communications, IEEE Journal on},
  year = {2007},
}

@ARTICLE{Khan2007,
  author = {Khan, A. and Kellerer, W. and Kozu, K. and Yabusaki, M.},
  title = {Network sharing in the next mobile network: TCO reduction, management
	flexibility, and operational independence},
  journal = {Communications Magazine, IEEE},
  year = {2011},
}

@ARTICLE{Jahon2010,
  author = {Jahon Koo and Kwangsue Chung},
  title = {MARC: Adaptive Rate Control scheme for improving the QoE of streaming
	services in mobile broadband networks},
  journal = {Communications and Information Technologies (ISCIT), 2010 International
	Symposium on},
  year = {2010},
}

@ARTICLE{Laroia2004,
  author = {Laroia, R. and Uppala, S. and Junyi Li},
  title = {Designing a mobile broadband wireless access network},
  journal = {Signal Processing Magazine, IEEE},
  year = {2004},
}


@ARTICLE{Lixin2011,
  author = {Sun Lixin and Jiao Jian and Li Yanbin},
  title = {Flexible spectrum usage for the future broadband mobile and fixed
	convergence},
  journal = {General Assembly and Scientific Symposium, 2011 XXXth URSI},
  year = {2011},
}

@inproceedings{Lakshminarayanan2004,
 author = {Lakshminarayanan, Karthik and Padmanabhan, Venkata N. and Padhye, Jitendra},
 title = {Bandwidth estimation in broadband access networks},
 booktitle = {Proceedings of the 4th ACM SIGCOMM conference on Internet measurement},
 series = {IMC '04},
 year = {2004},
 isbn = {1-58113-821-0},
 location = {Taormina, Sicily, Italy},
 pages = {314--321},
 numpages = {8},
 url = {http://doi.acm.org/10.1145/1028788.1028832},
 doi = {http://doi.acm.org/10.1145/1028788.1028832},
 acmid = {1028832},
 publisher = {ACM},
 address = {New York, NY, USA},
 keywords = {available bandwidth, broadband networks, capacity, network measurement},
}

@inproceedings{Marques2004u,
 author = {Marques,Nt., Humberto T. and Rocha, Leonardo C. D. and Guerra, Pedro H. C. and Almeida, Jussara M. and Meira,Jr., Wagner and Almeida, Virgilio A. F.},
 title = {Characterizing broadband user behavior},
 booktitle = {Proceedings of the 2004 ACM workshop on Next-generation residential broadband challenges},
 series = {NRBC '04},
 year = {2004},
 isbn = {1-58113-935-7},
 pages = {11--18},
 numpages = {8},
 url = {http://doi.acm.org/10.1145/1026763.1026767},
 doi = {http://doi.acm.org/10.1145/1026763.1026767},
 acmid = {1026767},
 publisher = {ACM},
 address = {New York, NY, USA},
 keywords = {broadband networks, workload characterization},
}

@inproceedings{Dischinger2007,
 author = {Dischinger, Marcel and Haeberlen, Andreas and Gummadi, Krishna P. and Saroiu, Stefan},
 title = {Characterizing residential broadband networks},
 booktitle = {Proceedings of the 7th ACM SIGCOMM conference on Internet measurement},
 series = {IMC '07},
 year = {2007},
 isbn = {978-1-59593-908-1},
 location = {San Diego, California, USA},
 pages = {43--56},
 numpages = {14},
 url = {http://doi.acm.org/10.1145/1298306.1298313},
 doi = {http://doi.acm.org/10.1145/1298306.1298313},
 acmid = {1298313},
 publisher = {ACM},
 address = {New York, NY, USA},
 keywords = {broadband access networks, cable, dsl, network measurement},
}

@INPROCEEDINGS{Jun2011,
author={Jun Sun and Fossa, C. and Mak, T.},
booktitle={MILITARY COMMUNICATIONS CONFERENCE, 2011 - MILCOM 2011},
title={On heterogeneous mobile network connectivity: Number of gateway nodes}, 
year={2011},
month={nov.},
volume={},
number={},
pages={1915 -1920},
}

@ARTICLE{Urgaonkar2011,
author={Urgaonkar, R. and Neely, M.J.},
journal={Networking, IEEE/ACM Transactions on},
title={Network Capacity Region and Minimum Energy Function for a Delay-Tolerant Mobile Ad Hoc Network}, 
year={2011},
month={aug. },
volume={19},
number={4},
pages={1137 -1150},
keywords={cell-partitioned model;delay-tolerant mobile ad hoc network;energy function;general Markovian mobility;input rate vector;minimum energy function;network capacity;network capacity region;node mobility;time-average power;wireless transmission;Markov processes;mobile ad hoc networks;},
doi={10.1109/TNET.2010.2103367},
ISSN={1063-6692},
}

@article{Marques2004b,
 author = {Marques Neto, Humberto T. and Almeida, Jussara M. and Rocha, Leonardo C. D. and Meira, Wagner and Guerra, Pedro H. C. and Almeida, Virgilio A. F.},
 title = {A characterization of broadband user behavior and their e-business activities},
 journal = {SIGMETRICS Perform. Eval. Rev.},
 volume = {32},
 issue = {3},
 month = {December},
 year = {2004},
 issn = {0163-5999},
 pages = {3--13},
 numpages = {11},
 url = {http://doi.acm.org/10.1145/1052305.1052308},
 doi = {http://doi.acm.org/10.1145/1052305.1052308},
 acmid = {1052308},
 publisher = {ACM},
 address = {New York, NY, USA},
}

@article{Kenneth2007,
author = {Kenneth Flamm and Anindya Chaudhuri},
title = {An analysis of the determinants of broadband access},
journal = {Telecommunications Policy},
volume = {31},
number = {6–7},
pages = {312 - 326},
year = {2007},
note = {},
issn = {0308-5961},
doi = {10.1016/j.telpol.2007.05.006},
url = {http://www.sciencedirect.com/science/article/pii/S0308596107000481},
}


@article{eagle2009,
	author = {N. Eagle and A. Pentland and D. Lazer},
	title = {Inferring Social Network Structure using Mobile Phone
	Data},
	year = {2009},
	volume = {106},
	number = {36},
	pages = {15274-15278},
	journal = {Proceedings of the National Academy of Sciences (PNAS)},
}

@misc{simonite2010,
	author = {Tom Simonite},
	title = {Mobile Data: A Gold Mine for Telcos},
	year = {2010},
	month = {may},
	howpublished = {Intelligent Community Forum},
}

@article{bleicher2012,
	author = {Ariel Bleicher},
	title = {The On-Demand Olympics},
	journal = {IEEE Spectrum},
	month = {jul},
	year = {2012},
}

@ARTICLE{barabasi2008,
  author = {Candia, Juli\'an and Gonz\'alez, Marta C. and Wang, Pu and Schoenharl, Timothy 
	and Madey, Greg and Barab\'asi, Albert-L\'aszl\'o},
  title = {Uncovering individual and collective human dynamics from mobile phone
	records},
  journal = {Journal of Physics A: Mathematical and Theoretical},
  year = {2008},
  volume = {41},
  pages = {224015},
  number = {22},
  url = {http://stacks.iop.org/1751-8121/41/i=22/a=224015},
}

@ARTICLE{barabasi200806,
  author = {Gonz\'alez, Marta C. and Hidalgo, Cesar A. and Barab\'asi, Albert-L\'aszl\'o},
  title = {Understanding individual human mobility patterns},
  journal = {Nature Publishing Group},
  year = {2008},
  volume = {453},
  url = {http://dx.doi.org/10.1038/nature06958},
}

@ARTICLE{barabasi200905,
  author = {Wang, Pu and Gonz\'alez, Marta C. and Hidalgo, C\'esar A. and Barab\'asi,
	Albert-L\'aszl\'a},
  title = {Understanding the Spreading Patterns of Mobile Phone Viruses},
  journal = {Science},
  year = {2009},
  volume = {324},
  pages = {1071-1076},
  number = {5930},
  doi = {10.1126/science.1167053},
  eprint = {http://www.sciencemag.org/content/324/5930/1071.full.pdf},
  url = {http://www.sciencemag.org/content/324/5930/1071.abstract},
}

@ARTICLE{Song2010,
  author = {Song, Chaoming and Qu, Zehui and Blumm, Nicholas and Barab\'asi, Albert-L\'aszl\'o},
  title = {Limits of Predictability in Human Mobility},
  journal = {Science},
  year = {2010},
  volume = {327},
  pages = {1018-1021},
  number = {5968},
  doi = {10.1126/science.1177170},
  eprint = {http://www.sciencemag.org/content/327/5968/1018.full.pdf},
  url = {http://www.sciencemag.org/content/327/5968/1018.abstract},
}

@ARTICLE{Bagrow2010,
  author = {Bagrow, James P. AND Wang, Dashun AND Barab\'asi, Albert-L\'aszl\'o},
  title = {Collective Response of Human Populations to Large-Scale Emergencies},
  journal = {PLoS ONE},
  year = {2011},
  volume = {6},
  pages = {e17680},
  number = {3},
  month = {03},
  doi = {10.1371/journal.pone.0017680},
  publisher = {Public Library of Science},
}

@ARTICLE{Mitchell2009,
  author = {Mitchell, Tom M.},
  title = {Mining Our Reality},
  journal = {Science},
  year = {2009},
  volume = {326},
  pages = {1644-1645},
  number = {5960},
  doi = {10.1126/science.1174459},
  eprint = {http://www.sciencemag.org/content/326/5960/1644.full.pdf},
  url = {http://www.sciencemag.org/content/326/5960/1644.short},
}


@inproceedings{Hui2005,
 author = {Hui, Pan and Chaintreau, Augustin and Scott, James and Gass, Richard and Crowcroft, Jon and Diot, Christophe},
 title = {Pocket switched networks and human mobility in conference environments},
 booktitle = {Proceedings of the 2005 ACM SIGCOMM workshop on Delay-tolerant networking},
 series = {WDTN '05},
 year = {2005},
 isbn = {1-59593-026-4},
 location = {Philadelphia, Pennsylvania, USA},
 pages = {244--251},
 numpages = {8},
 url = {http://doi.acm.org/10.1145/1080139.1080142},
 doi = {10.1145/1080139.1080142},
 acmid = {1080142},
 publisher = {ACM},
 address = {New York, NY, USA},
 keywords = {delay-tolerant networking, mobile networking, network measurement, wireless networking},
}


@incollection {Calabrese2010,
   author = {Calabrese, Francesco and Pereira, Francisco and Di Lorenzo, Giusy and Liu, Liang and Ratti, Carlo},
   affiliation = {MIT Senseable City Laboratory, Cambridge, MA},
   title = {The Geography of Taste: Analyzing Cell-Phone Mobility and Social Events},
   booktitle = {Pervasive Computing},
   series = {Lecture Notes in Computer Science},
   editor = {Flor\'{e}en, Patrik and Kr\"{u}ger, Antonio and Spasojevic, Mirjana},
   publisher = {Springer Berlin / Heidelberg},
   isbn = {978-3-642-12653-6},
   keyword = {Computer Science},
   pages = {22-37},
   volume = {6030},
   year = {2010},
}

@article{Balcan2009,
author = {Balcan, Duygu and Colizza, Vittoria and Gon\c{c}alves, Bruno and Hu, Hao and Ramasco, JosÃ© J. and Vespignani, Alessandro}, 
title = {Multiscale mobility networks and the spatial spreading of infectious diseases}, 
volume = {106}, 
number = {51}, 
pages = {21484-21489}, 
year = {2009}, 
doi = {10.1073/pnas.0906910106}, 
URL = {http://www.pnas.org/content/106/51/21484.abstract}, 
eprint = {http://www.pnas.org/content/106/51/21484.full.pdf+html}, 
journal = {Proceedings of the National Academy of Sciences}, 
}


@ARTICLE{barabasi201103,
  author = {Bagrow, James P. AND Wang, Dashun AND Barab\'asi, Albert-L\'aszl\'o},
  title = {Collective Response of Human Populations to Large-Scale Emergencies},
  journal = {PLoS ONE},
  year = {2011},
  volume = {6},
  pages = {e17680},
  number = {3},
  month = {03},
  doi = {10.1371/journal.pone.0017680},
  publisher = {Public Library of Science}
}

@ARTICLE{barabasi200805,
  author = {Candia, Juli\'an and Gonz\'alez, Marta C. and Wang, Pu and Schoenharl,
	Timothy and Madey, Greg and Barab\'asi, Albert-L\'aszl\'o},
  title = {Uncovering individual and collective human dynamics from mobile phone
	records},
  journal = {Journal of Physics A: Mathematical and Theoretical},
  year = {2008},
  volume = {41},
  pages = {224015},
  number = {22},
  url = {http://stacks.iop.org/1751-8121/41/i=22/a=224015}
}

@ARTICLE{barabasi201002,
  author = {Song, Chaoming and Qu, Zehui and Blumm, Nicholas and Barab\'asi,
	Albert-L\'aszl\'o},
  title = {Limits of Predictability in Human Mobility},
  journal = {Science},
  year = {2010},
  volume = {327},
  pages = {1018-1021},
  number = {5968},
  doi = {10.1126/science.1177170},
  eprint = {http://www.sciencemag.org/content/327/5968/1018.full.pdf},
  url = {http://www.sciencemag.org/content/327/5968/1018.abstract}
}


@inproceedings{Toole98,
 author = {Toole, Jameson L. and Ulm, Michael and Gonz\'{a}lez, Marta C. and Bauer, Dietmar},
 title = {Inferring land use from mobile phone activity},
 booktitle = {Proceedings of the ACM SIGKDD International Workshop on Urban Computing},
 series = {UrbComp '12},
 year = {2012},
 isbn = {978-1-4503-1542-5},
 location = {Beijing, China},
 pages = {1--8},
 numpages = {8},
 url = {http://doi.acm.org/10.1145/2346496.2346498},
 doi = {10.1145/2346496.2346498},
 acmid = {2346498},
 publisher = {ACM},
 address = {New York, NY, USA},
 } 
 
@inproceedings{Xavier2012,
 author = {Xavier, Faber Henrique Zacarias and Silveira, Lucas Maia and Almeida, Jussara Marques de and Ziviani, Artur and Malab, Carlos Henrique Silva and Marques-Neto, Humberto Torres},
 title = {Analyzing the Workload Dynamics of a Mobile Phone Network in Large Scale Events},
 booktitle = {Proc. First Workshop on Urban Networking},
 year = {2012},
 isbn = {978-1-4503-1781-8},
 location = {Nice, France},
 %pages = {37--42},
 numpages = {6},
 url = {http://doi.acm.org/10.1145/2413236.2413245},
 doi = {10.1145/2413236.2413245},
 acmid = {2413245},
 keywords = {human mobility, large scale events, mobile phone network},
 } 

@inproceedings{lathia2012,
 author = {Lathia, Neal and Quercia, Daniele and Crowcroft, Jon},
 title = {The Hidden Image of the City: Sensing Community Well-being from Urban Mobility},
 booktitle = {Proceedings of the 10th International Conference on Pervasive Computing},
 series = {Pervasive'12},
 year = {2012},
 isbn = {978-3-642-31204-5},
 location = {Newcastle, UK},
 pages = {91--98},
 numpages = {8},
 url = {http://dx.doi.org/10.1007/978-3-642-31205-2_6},
 doi = {10.1007/978-3-642-31205-2_6},
 acmid = {2367318},
 publisher = {Springer-Verlag},
 address = {Berlin, Heidelberg},
 keywords = {mobility, sensors, urban analysis, well-being},
}


@article{noulas2011,
  title={A tale of many cities: universal patterns in human urban mobility},
  author={Noulas, A. and Scellato, S. and Lambiotte, R. and Pontil, M. and Mascolo, C.},
  journal={PloS one},
  volume={7},
  number={5},
  pages={e37027},
  year={2012},
  publisher={Public Library of Science}
}
@article{Becker2013,
 author = {Becker, Richard and C\'{a}ceres, Ram\'{o}n and Hanson, Karrie and Isaacman, Sibren and Loh, Ji Meng and Martonosi, Margaret and Rowland, James and Urbanek, Simon and Varshavsky, Alexander and Volinsky, Chris},
 title = {Human Mobility Characterization from Cellular Network Data},
 journal = {Commun. ACM},
 issue_date = {January 2013},
 volume = {56},
 number = {1},
 month = jan,
 year = {2013},
 issn = {0001-0782},
 pages = {74--82},
 numpages = {9},
 url = {http://doi.acm.org/10.1145/2398356.2398375},
 doi = {10.1145/2398356.2398375},
 acmid = {2398375},
 publisher = {ACM},
 address = {New York, NY, USA},
} 

@inproceedings{Erman2013,
 author = {Erman, Jeffrey and Ramakrishnan, K.K.},
 title = {Understanding the Super-sized Traffic of the Super Bowl},
 booktitle = {Proceedings of the 2013 Conference on Internet Measurement Conference},
 series = {IMC '13},
 year = {2013},
 isbn = {978-1-4503-1953-9},
 location = {Barcelona, Spain},
 pages = {353--360},
 numpages = {8},
 url = {http://doi.acm.org/10.1145/2504730.2504770},
 doi = {10.1145/2504730.2504770},
 acmid = {2504770},
 publisher = {ACM},
 address = {New York, NY, USA},
 keywords = {cellular networks, characterization, large venues},
} 

%%%%%%%%%%%%%%%%%%%%%redes sociais%%%%%%%%%%%%

@INPROCEEDINGS{noulas2013, 
 author={Noulas, A. and Mascolo, C.}, 
 booktitle={Mobile Data Management (MDM), 2013 IEEE 14th International Conference on}, 
 title={Exploiting Foursquare and Cellular Data to Infer User Activity in Urban Environments}, 
 year={2013}, 
 volume={1}, 
 pages={167-176}, 
 doi={10.1109/MDM.2013.27},
}

@INPROCEEDINGS{cheng2011,
 author = {Zhiyuan Cheng and James Caverlee and Kyumin Lee and Daniel Z. Sui},
 title = {Exploring millions of footprints in location sharing services},
 booktitle = {In ICWSM 2011},
 year = {2011}
}

@inproceedings{scellato2011,
  added-at = {2012-01-04T00:00:00.000+0100},
  author = {Scellato, Salvatore and Noulas, Anastasios and Lambiotte, Renaud and Mascolo, Cecilia},
  biburl = {http://www.bibsonomy.org/bibtex/2c47f010dee3928e7a3867beeefebf92b/dblp},
  booktitle = {ICWSM},
  crossref = {conf/icwsm/2011},
  editor = {Adamic, Lada A. and Baeza-Yates, Ricardo A. and Counts, Scott},
  ee = {http://www.aaai.org/ocs/index.php/ICWSM/ICWSM11/paper/view/2751},
  interhash = {931eb78b908849e1db34686f9fc2e5bb},
  intrahash = {c47f010dee3928e7a3867beeefebf92b},
  keywords = {dblp},
  publisher = {The AAAI Press},
  timestamp = {2012-01-04T00:00:00.000+0100},
  title = {Socio-Spatial Properties of Online Location-Based Social Networks.},
  url = {http://dblp.uni-trier.de/db/conf/icwsm/icwsm2011.html#ScellatoNLM11},
  year = {2011}
}


@inproceedings{li2009a,
 author = {Li, Nan and Chen, Guanling},
 title = {Analysis of a Location-Based Social Network},
 booktitle = {Proceedings of the 2009 International Conference on Computational Science and Engineering - Volume 04},
 series = {CSE '09},
 year = {2009},
 isbn = {978-0-7695-3823-5},
 pages = {263--270},
 numpages = {8},
 url = {http://dx.doi.org/10.1109/CSE.2009.98},
 doi = {10.1109/CSE.2009.98},
 acmid = {1633590},
 publisher = {IEEE Computer Society},
 address = {Washington, DC, USA},
} 
 
@inproceedings{allamanis2012,
 author = {Allamanis, Miltiadis and Scellato, Salvatore and Mascolo, Cecilia},
 title = {Evolution of a Location-based Online Social Network: Analysis and Models},
 booktitle = {Proceedings ACM Conference on Internet Measurement},
 year = {2012}
} 

@INPROCEEDINGS{noulas2012, 
 author={Noulas, A. and Scellato, S. and Lathia, N. and Mascolo, C.}, 
 booktitle={Proc. International Conference on Social Computing },
 title={A Random Walk around the City: New Venue Recommendation in Location-Based Social Networks}, 
 year={2012}
}

@INPROCEEDINGS{li2009b, 
 author={Nan Li and Guanling Chen}, 
 booktitle={Mobile and Ubiquitous Systems: Networking Services, MobiQuitous, 2009. MobiQuitous '09. 6th Annual International}, 
 title={Multi-layered friendship modeling for location-based Mobile Social Networks}, 
 year={2009}, 
 pages={1-10}, 
 doi={10.4108/ICST.MOBIQUITOUS2009.6828},
}
@inproceedings{cho2011,
 author = {Cho, Eunjoon and Myers, Seth A. and Leskovec, Jure},
 title = {Friendship and Mobility: User Movement in Location-based Social Networks},
 booktitle = {Proc. 17th ACM International Conference on Knowledge Discovery and Data Mining},
 year = {2011},
} 

@article{Musolesi2007,
 author = {Musolesi, Mirco and Mascolo, Cecilia},
 title = {Designing Mobility Models Based on Social Network Theory},
 journal = {SIGMOBILE Mobile Computing Communications Review},
 volume = {11},
 number = {3},
 year = {2007}
} 

@incollection{Silva2013,
year={2013},
isbn={978-3-319-03259-7},
booktitle={Social Informatics},
volume={8238},
series={Lecture Notes in Computer Science},
editor={Jatowt, Adam and Lim, Ee-Peng and Ding, Ying and Miura, Asako and Tezuka, Taro and Dias, Gaël and Tanaka, Katsumi and Flanagin, Andrew and Dai, BingTian},
doi={10.1007/978-3-319-03260-3_27},
title={Traffic Condition Is More Than Colored Lines on a Map: Characterization of Waze Alerts},
url={http://dx.doi.org/10.1007/978-3-319-03260-3_27},
publisher={Springer International Publishing},
keywords={Urban social behavior; city dynamics; participatory sensing; mobile social networks; social big data},
author={Silva, ThiagoH. and de Melo, PedroO.S.Vaz and Viana, AlineCarneiro and Almeida, JussaraM. and Salles, Juliana and Loureiro, AntonioA.F.},
pages={309-318}
}

@inproceedings{Nguyen2012,
 author = {Nguyen, T. and Szymanski, B. K.},
 title = {Using Location-Based Social Networks to Validate Human Mobility and Relationships Models},
 booktitle = {Proc. International Conference on Advances in Social Networks Analysis and Mining },
 year = {2012},
} 


@INPROCEEDINGS{Scellato2011,
    author = {Salvatore Scellato and Renaud Lambiotte and Anastasios Noulas and Cecilia Mascolo},
    title = {Socio-spatial properties of online location-based social networks},
    booktitle = {Proceedings of ICWSM},
    year = {},
    pages = {2011}
}

@inproceedings{Sakaki2010,
 author = {Sakaki, Takeshi and Okazaki, Makoto and Matsuo, Yutaka},
 title = {Earthquake Shakes Twitter Users: Real-time Event Detection by Social Sensors},
 booktitle = {Proceedings of the 19th International Conference on World Wide Web},
 series = {WWW '10},
 year = {2010},
 isbn = {978-1-60558-799-8},
 location = {Raleigh, North Carolina, USA},
 pages = {851--860},
 numpages = {10},
 url = {http://doi.acm.org/10.1145/1772690.1772777},
 doi = {10.1145/1772690.1772777},
 acmid = {1772777},
 publisher = {ACM},
 address = {New York, NY, USA},
 keywords = {Twitter, earthquake, event detection, location estimation, social sensor},
} 

@inproceedings{Gao2010,
 author = {Gao, Jing and Liang, Feng and Fan, Wei and Wang, Chi and Sun, Yizhou and Han, Jiawei},
 title = {On Community Outliers and Their Efficient Detection in Information Networks},
 booktitle = {Proceedings of the 16th ACM SIGKDD International Conference on Knowledge Discovery and Data Mining},
 series = {KDD '10},
 year = {2010},
 isbn = {978-1-4503-0055-1},
 location = {Washington, DC, USA},
 pages = {813--822},
 numpages = {10},
 url = {http://doi.acm.org/10.1145/1835804.1835907},
 doi = {10.1145/1835804.1835907},
 acmid = {1835907},
 publisher = {ACM},
 address = {New York, NY, USA},
 keywords = {community discovery, information networks, outlier detection},
} 

@INPROCEEDINGS{Rodrigues2013, 
author={Rodrigues, E. and Assuncao, R. and Pappa, G.L. and Miranda, R. and Meira, W.}, 
booktitle={Intelligent Systems (BRACIS), 2013 Brazilian Conference on}, 
title={Uncovering the Location of Twitter Users}, 
year={2013}, 
month={Oct}, 
pages={237-241}, 
keywords={Markov processes;Monte Carlo methods;inference mechanisms;learning (artificial intelligence);network theory (graphs);social networking (online);statistical distributions;Facebook;GPS position;GeoIP location;Global Positioning System;Markov chain Monte Carlo simulation technique;Markov random field;Twitter users location;declared location;friendship network;geographical information;geographical labels;graph;information sources;learning;network representation;posterior probability distribution;probabilistic approach;social networks;spatial location;text post;user behavior;Accuracy;Approximation algorithms;Cities and towns;Markov processes;Probabilistic logic;Probability distribution;Twitter;Geographic Targeting;Geolocation Estimation;Network Learning;Spatial Data Mining}, 
doi={10.1109/BRACIS.2013.47},}

%%%%%%%%%%%%%%%%%%%%%modelos%%%%%%%%%%%%%%%%%%

@article{gonzalez2007,
	author = {Marta C. Gonz\'{a}lez and Albert-L\'{a}szl\'{o}
	Barab\'{a}si},
	year = {2007},
	title = {Complex Networks -- From data to models},
	journal = {Nature Physics},
	volume = {3},
	pages = {224--225},
}


@ARTICLE{Song2009,
  author = {Song, Chaoming and Koren, Tal and Wang, Pu and Barab\'asi, Albert-L\'aszl\'o},
  title = {Modelling the scaling properties of human mobility},
  journal = {Nature Publishing Group},
  year = {2010},
  volume = {6},
  url = {http://dx.doi.org/10.1038/nphys1760},
}


@article{Soper2012,
 author = {Soper, Daniel},
 title = {Is human mobility tracking a good idea?},
 journal = {Communications of the ACM},
 issue_date = {April 2012},
 volume = {55},
 number = {4},
 month = apr,
 year = {2012},
 issn = {0001-0782},
 pages = {35--37},
 numpages = {3},
 url = {http://doi.acm.org/10.1145/2133806.2133819},
 doi = {10.1145/2133806.2133819},
 acmid = {2133819},
 publisher = {ACM},
 address = {New York, NY, USA},
}

@INPROCEEDINGS{Liu2010,
  author = {Liu, Siyuan and Liu, Yunhuai and Ni, Lionel M. and Fan, Jianping
	and Li, Minglu},
  title = {Towards mobility-based clustering},
  booktitle = {Proceedings of the 16th ACM SIGKDD international conference on Knowledge
	discovery and data mining},
  year = {2010},
  series = {KDD '10},
  pages = {919--928},
  address = {New York, NY, USA},
  publisher = {ACM},
  acmid = {1835920},
  doi = {10.1145/1835804.1835920},
  isbn = {978-1-4503-0055-1},
  keywords = {crowdedness, mobility-based clustering, traffic detection, vehicle},
  location = {Washington, DC, USA},
  numpages = {10},
  url = {http://doi.acm.org/10.1145/1835804.1835920},
}


@article{Batty2003,
author = {Batty, Michael and Desyllas, Jake and Duxbury, Elspeth},
title = {The discrete dynamics of small-scale spatial events: agent-based models of mobility in carnivals and street parades},
journal = {International Journal of Geographical Information Science},
volume = {17},
number = {7},
pages = {673-697},
year = {2003},
doi = {10.1080/1365881031000135474},
URL = {http://www.tandfonline.com/doi/abs/10.1080/1365881031000135474},
eprint = {http://www.tandfonline.com/doi/pdf/10.1080/1365881031000135474},
}


@article{Vespignani2009,
author = {Vespignani, Alessandro}, 
title = {Predicting the Behavior of Techno-Social Systems}, 
volume = {325}, 
number = {5939}, 
pages = {425-428}, 
year = {2009}, 
doi = {10.1126/science.1171990}, 
URL = {http://www.sciencemag.org/content/325/5939/425.abstract}, 
eprint = {http://www.sciencemag.org/content/325/5939/425.full.pdf}, 
journal = {Science},
}
@article {camp2002,
author = {Camp, Tracy and Boleng, Jeff and Davies, Vanessa},
title = {A survey of mobility models for ad hoc network research},
journal = {Wireless Communications and Mobile Computing},
volume = {2},
number = {5},
publisher = {John Wiley & Sons, Ltd.},
issn = {1530-8677},
url = {http://dx.doi.org/10.1002/wcm.72},
doi = {10.1002/wcm.72},
pages = {483--502},
keywords = {ad hoc networks, mobility models, entity mobility models, group mobility models},
year = {2002},
}

@inproceedings{Musolesi2004,
 author = {Musolesi, Mirco and Hailes, Stephen and Mascolo, Cecilia},
 title = {An Ad Hoc Mobility Model Founded on Social Network Theory},
 booktitle = {Proceedings of the 7th ACM International Symposium on Modeling, Analysis and Simulation of Wireless and Mobile Systems},
 series = {MSWiM '04},
 year = {2004},
 isbn = {1-58113-953-5},
 location = {Venice, Italy},
 pages = {20--24},
 numpages = {5},
 url = {http://doi.acm.org/10.1145/1023663.1023669},
 doi = {10.1145/1023663.1023669},
 acmid = {1023669},
 publisher = {ACM},
 address = {New York, NY, USA},
 keywords = {mobile ad hoc networking, mobility model, social networks},
} 

@inproceedings{Musolesi2006,
 author = {Musolesi, Mirco and Mascolo, Cecilia},
 title = {A Community Based Mobility Model for Ad Hoc Network Research},
 booktitle = {Proceedings of the 2Nd International Workshop on Multi-hop Ad Hoc Networks: From Theory to Reality},
 series = {REALMAN '06},
 year = {2006},
 isbn = {1-59593-360-3},
 location = {Florence, Italy},
 pages = {31--38},
 numpages = {8},
 url = {http://doi.acm.org/10.1145/1132983.1132990},
 doi = {10.1145/1132983.1132990},
 acmid = {1132990},
 publisher = {ACM},
 address = {New York, NY, USA},
 keywords = {mobile ad hoc networking, mobility model, social networks},
} 

@inproceedings{Herrmann2003,
 author = {Herrmann, Klaus},
 title = {Modeling the Sociological Aspects of Mobility in Ad Hoc Networks},
 booktitle = {Proceedings of the 6th ACM International Workshop on Modeling Analysis and Simulation of Wireless and Mobile Systems},
 series = {MSWIM '03},
 year = {2003},
 isbn = {1-58113-766-4},
 location = {San Diego, CA, USA},
 pages = {128--129},
 numpages = {2},
 url = {http://doi.acm.org/10.1145/940991.941014},
 doi = {10.1145/940991.941014},
 acmid = {941014},
 publisher = {ACM},
 address = {New York, NY, USA},
 keywords = {ad hoc networks, small worlds, social mobility model},
} 

@phdthesis{tasse2008,
  title={Crowd simulation of pedestrians in a virtual city},
  author={Tasse, Flora Ponjou and Glass, K},
  year={2008},
  school={Master’s thesis, Rhodes University}
}

@INPROCEEDINGS{kim2006, 
author={Kim, M. and Kotz, D. and Kim, S.}, 
booktitle={INFOCOM 2006. 25th IEEE International Conference on Computer Communications. Proceedings}, 
title={Extracting a Mobility Model from Real User Traces}, 
year={2006}, 
month={April}, 
pages={1-13}, 
keywords={Computational modeling;Computer science;Computer simulation;Data mining;Educational institutions;Log-normal distribution;Mobile ad hoc networks;Mobile computing;Roads;Wireless networks}, 
doi={10.1109/INFOCOM.2006.173}, 
ISSN={0743-166X},}

@inproceedings{Kittur2013,
 author = {Kittur, Aniket and Nickerson, Jeffrey V. and Bernstein, Michael and Gerber, Elizabeth and Shaw, Aaron and Zimmerman, John and Lease, Matt and Horton, John},
 title = {The Future of Crowd Work},
 booktitle = {Proceedings of the 2013 Conference on Computer Supported Cooperative Work},
 series = {CSCW '13},
 year = {2013},
 isbn = {978-1-4503-1331-5},
 location = {San Antonio, Texas, USA},
 pages = {1301--1318},
 numpages = {18},
 url = {http://doi.acm.org/10.1145/2441776.2441923},
 doi = {10.1145/2441776.2441923},
 acmid = {2441923},
 publisher = {ACM},
 address = {New York, NY, USA},
 keywords = {crowd work, crowdsourcing, organization design, research vision},
} 

@article{Zheng2011,
 author = {Zheng, Yu and Xie, Xing},
 title = {Learning Travel Recommendations from User-generated GPS Traces},
 journal = {ACM Transactions on Intelligent Systems Technology},
 volume = {2},
 number = {1},
 year = {2011},
} 

@INPROCEEDINGS{Hoyoung2008, 
author={Hoyoung Jeung and Qing Liu and Heng Tao Shen and Xiaofang Zhou}, 
booktitle={Proc. IEEE 24th International Conference on Data Engineering}, 
title={A Hybrid Prediction Model for Moving Objects}, 
year={2008}, 
}

@INPROCEEDINGS{Bar-Noy1994, 
author={Bar-Noy, A. and Kessler, I. and Sidi, M.}, 
booktitle={INFOCOM '94. Networking for Global Communications., 13th Proceedings IEEE}, 
title={Mobile users: to update or not to update?}, 
year={1994}, 
month={Jun}, 
pages={570-576 vol.2}, 
keywords={Markov processes;cellular radio;tracking;Markovian memory;cellular network;distance-based strategy;location;memoryless movement patterns;mobile users;number of movements-based strategy;performance;time-based strategy;topology;tracking strategies;updates;wireless links;wireless networks;Base stations;Bones;Costs;Energy consumption;Land mobile radio cellular systems;Mobile communication;Network topology;Performance analysis;Spine;Wireless networks}, 
doi={10.1109/INFCOM.1994.337685},}

@INPROCEEDINGS{Liang1999, 
author={Liang, B. and Haas, Z.J.}, 
booktitle={INFOCOM '99. Eighteenth Annual Joint Conference of the IEEE Computer and Communications Societies. Proceedings. IEEE}, 
title={Predictive distance-based mobility management for PCS networks}, 
year={1999}, 
month={Mar}, 
volume={3}, 
pages={1377-1384 vol.3}, 
keywords={Gaussian processes;Markov processes;cellular radio;personal communication networks;prediction theory;probability;radio tracking;telecommunication network management;GSM;Gauss-Markov model;call patterns;correlation;destination mobile;future location prediction;mobile location inspection frequency;mobile tracking;mobile velocity;mobility management cost;network paging;nonpredictive distance-based scheme;page cost;performance;predictive distance-based mobility management;probability;simulations;threshold distance;update cost;user mobility patterns;wireless PCS networks;Communication standards;Costs;Frequency;Gaussian processes;Inspection;Mobile radio mobility management;North America;Personal communication networks;Telecommunication traffic;Wireless communication}, 
doi={10.1109/INFCOM.1999.752157}, 
ISSN={0743-166X},}

@INPROCEEDINGS{Kyunghan2009, 
author={Kyunghan Lee and Seongik Hong and Seong Joon Kim and Injong Rhee and Song Chong}, 
booktitle={Proc. INFOCOM}, 
title={SLAW: A New Mobility Model for Human Walks}, 
year={2009}, 
}

@INPROCEEDINGS{Rhee2008, 
author={Injong Rhee and Minsu Shin and Seongik Hong and Kyunghan Lee and Song Chong}, 
booktitle={Proc. INFOCOM},
title={On the Levy-Walk Nature of Human Mobility}, 
year={2008}, 
}

@MISC{Navidi2004,
    author = {William Navidi and Tracy Camp and Nick Bauer},
    title = {Improving the Accuracy of Random Waypoint Simulations through Steady-State Initialization},
    year = {2004}
}

@inproceedings{Munjal2011,
 author = {Munjal, Aarti and Camp, Tracy and Navidi, William C.},
 title = {SMOOTH: A Simple Way to Model Human Mobility},
 booktitle = {Proc.  14th ACM International Conference on Modeling, Analysis and Simulation of Wireless and Mobile Systems},
 year = {2011}
 } 

@article{Walsh2008,
 author = {Walsh, Chris and Doci, Arta and Camp, Tracy},
 title = {A Call to Arms: It's Time for REAL Mobility Models},
 journal = {SIGMOBILE Mob. Comput. Commun. Rev.},
 issue_date = {January 2008},
 volume = {12},
 number = {1},
 month = jan,
 year = {2008},
 issn = {1559-1662},
 pages = {34--36},
 numpages = {3},
 url = {http://doi.acm.org/10.1145/1374512.1374523},
 doi = {10.1145/1374512.1374523},
 acmid = {1374523},
 publisher = {ACM},
 address = {New York, NY, USA},
} 

@MISC{Musolesi2008,
    author = {Mirco Musolesi and Cecilia Mascolo},
    title = { Mobility Models for Systems Evaluation -- A Survey},
    year = {2008}
}

@inproceedings{Isaacman2012,
 author = {Isaacman, Sibren and Becker, Richard and C\'{a}ceres, Ram\'{o}n and Martonosi, Margaret and Rowland, James and Varshavsky, Alexander and Willinger, Walter},
 title = {Human Mobility Modeling at Metropolitan Scales},
 booktitle = {Proceedings of the 10th International Conference on Mobile Systems, Applications, and Services},
 series = {MobiSys '12},
 year = {2012},
 isbn = {978-1-4503-1301-8},
 location = {Low Wood Bay, Lake District, UK},
 pages = {239--252},
 numpages = {14},
 url = {http://doi.acm.org/10.1145/2307636.2307659},
 doi = {10.1145/2307636.2307659},
 acmid = {2307659},
 publisher = {ACM},
 address = {New York, NY, USA},
 keywords = {call detail records, human mobility patterns},
} 

@INPROCEEDINGS{Bui2014, 
author={Bui, Nicola and Bui, Nicola and Michelinakis, Foivos and Michelinakis, Foivos and Widmer, Joerg}, 
booktitle={Proceedings 20th European Wireless Conference; }, 
title={A Model for Throughput Prediction for Mobile Users}, 
year={2014}, 
month={May} 
}

%%%%%%%%%%%%%%outros%%%%%%%%%%%%%%%%%%%%%%%%%%
@OTHER{postgres,
 author = {PostgresSQL},
 year = {2012},
  title = {Sistema de Gerenciamento de Bando de Dados},
  url = {www.postgresql.org}
}

@OTHER{googleapi,
 author = {Google Maps},
 year = {2012},
  title = {Google Maps Javascript API V3},
  url = {https://developers.google.com/maps/documentation/javascript/}
}


@OTHER{twitterapi,
 author = {Twitter},
 year = {2013},
  title = {Twitter Streaming API (dev.twitter.com/streaming/overview)},
  url = {https://dev.twitter.com/docs/streaming-apis}
}

@OTHER{smooth,
 author = {Twitter},
 year = {2013},
  title = {Twitter Streaming API},
  url = {https://dev.twitter.com/docs/streaming-apis}
%}http://toilers.mines.edu/Public/Code/
%http://www.cs.utexas.edu/~wdong86/
%%%%%%%%%%%%%%%%%%%modelos de mobilidade%%%%%%%%%%%%%%%%%%%%%%%%

@inproceedings{Dong2013,
year={2013},
booktitle={Proc. 14th International Conference on Passive and Active Measurement},
title={Modeling Cellular User Mobility Using a Leap Graph},
author={Dong, Wei and Duffield, Nick and Ge, Zihui and Lee, Seungjoon and Pang, Jeffrey},
}

@inproceedings{Kittur2013,
 author = {Kittur, Aniket and Nickerson, Jeffrey V. and Bernstein, Michael and Gerber, Elizabeth and Shaw, Aaron and Zimmerman, John and Lease, Matt and Horton, John},
 title = {The Future of Crowd Work},
 booktitle = {Proceedings of the 2013 Conference on Computer Supported Cooperative Work},
 series = {CSCW '13},
 year = {2013},
 isbn = {978-1-4503-1331-5},
 location = {San Antonio, Texas, USA},
 pages = {1301--1318},
 numpages = {18},
 url = {http://doi.acm.org/10.1145/2441776.2441923},
 doi = {10.1145/2441776.2441923},
 acmid = {2441923},
 publisher = {ACM},
 address = {New York, NY, USA},
 keywords = {crowd work, crowdsourcing, organization design, research vision},
} 

@ARTICLE{Kyunghan2012, 
author={Kyunghan Lee and Seongik Hong and Seong Joon Kim and Injong Rhee and Song Chong}, 
journal={IEEE/ACM Transactions on Networking}, 
title={SLAW: Self-Similar Least-Action Human Walk}, 
year={2012}, 
month={April}, 
volume={20}, 
number={2}, 
pages={515-529}, 
keywords={mobility management (mobile radio);routing protocols;statistical analysis;SLAW;heavy-tail flight distribution;human-assisted mobility networks;mobile networks;mobile routing protocols;pause-time distribution;self-similar least-action human walk;statistical features;synthetic mobility traces;truncated power-law intercontact times;virtual environments;Global Positioning System;Humans;Mobile communication;Mobile computing;Performance evaluation;Protocols;Routing;Delay-tolerant network;Levy walk;human mobility;mobile ad hoc network;mobile network;mobility model}, 
doi={10.1109/TNET.2011.2172984}, 
ISSN={1063-6692},}
