%%%%%%%%%%%%%%%%%%%%%%%%% REF Introducao %%%%%%%%%%%%%%%%%%%%%%%%%%%%%%%%%%%%%%%


%%%%%%%%%%%%%%%%%%%%%%%%% REF dispositivos %%%%%%%%%%%%%%%%%%%%%%%%%%%%%%%%%%%%%


%%%%%%%%%%%%%%%%%%%%%%%%% REF SOFTWARE %%%%%%%%%%%%%%%%%%%%%%%%%%%%%%%%%%%%%%%%%


%%%%%%%%%%%%%%%%%%%%%%%%% REF PRÁTICA %%%%%%%%%%%%%%%%%%%%%%%%%%%%%%%%%%%%%%%%%%


%%%%%%%%%%%%%%%%%%%%%%%%% REF GERÊNCIA e ANÁLISE %%%%%%%%%%%%%%%%%%%%%%%%%%%%%%%


%%%%%%%%%%%%%%%%%%%%%%%%% REF IoT e COMP UBÍQUA %%%%%%%%%%%%%%%%%%%%%%%%%%%%%%%%


%%%%%%%%%%%%%%%%%%%%%%%%% REF OUTROS %%%%%%%%%%%%%%%%%%%%%%%%%%%%%%%%%%%%%%%%%%%
 
%=========== MINICURSOS SBRC =============
@inproceedings{loureiro2003redes,
  title={{Redes de sensores sem fio}},
  author={Loureiro, Antonio AF and Nogueira, Jos{\'e} Marcos S and Ruiz, 
Linnyer Beatrys and Mini, Raquel Aparecida de Freitas and Nakamura, Eduardo 
Freire and Figueiredo, Carlos Maur{\i}cio Ser{\'o}dio},
  booktitle={Simp{\'o}sio Brasileiro de Redes de Computadores (SBRC)},
  pages={179--226},
  year={2003}
}

@misc{franca2011web,
  title={{Web das coisas: conectando dispositivos f{\'\i}sicos ao mundo 
digital}},
  author={de Fran{\c{c}}a, Tiago C and Pires, Paulo F and Pirmez, Luci and 
Delicato, Fl{\'a}via C and Farias, Claudio},
  journal={XXVII Simp{\'o}sio Brasileiro de Redes de Computadores e Sistemas 
Distribu{\'\i}dos, Brasil},
  year={2011}
}

@article{vieira2010redes,
  title={{Redes de Sensores Aqu{\'a}ticas}},
  author={Vieira, L and Loureiro, A and Fernandes, A and Campos, Mario},
  journal={XXVIII Simp{\'o}sio Brasileiro de Redes de Computadores e Sistemas 
Distribu{\'\i}dos, Gramado, RS, Brasil},
  volume={24},
  year={2010}
}

@misc{pires2015plataformas,
  title={{Plataformas para a Internet das Coisas}},
  author={Paulo F. Pires, Flavia C. Delicato, Thais Batista},
  journal={XXXIII Simp{\'o}sio Brasileiro de Redes de Computadores e Sistemas 
Distribu{\'\i}dos, Vitória, ES, Brasil},
  year={2015}
}

%=========== LIVROS =============

@book{chaouchi2013internet,
  title={{The internet of things: connecting objects}},
  author={Chaouchi, Hakima},
  year={2013},
  publisher={John Wiley \& Sons}
}

@book{vasseur2010interconnecting,
  title={{Interconnecting smart objects with ip: The next internet}},
  author={Vasseur, Jean-Philippe and Dunkels, Adam},
  year={2010},
  publisher={Morgan Kaufmann}
}