@inproceedings{ctp,
author = {Gnawali, O.  and Fonseca, R.  and Jamieson, K. and Moss, D. and Levis, P.},
title = {Collection Tree Protocol},
booktitle = "{Proceedings of the 7th ACM Conference on Embedded Networked Sensor Systems}",
year = "2009",
month = "November",
location = "Berkeley, CA, USA"
}

@misc{MultiHopLQI,
    title   = {{MultiHopLQI.}},
    year     = "2014",
    howpublished = "\url{http://www.tinyos.net/tinyos-2.x/tos/lib/net/lqi/}"
}

@article{deluge,
  title={Deluge: data dissemination for network reprogramming at scale},
  author={Chlipala, A. and Hui, J. and Tolle, G.},
  journal={University of California, Berkeley},
  year={2004}
}

@inproceedings{hydro,
  title={Hydro: A hybrid routing protocol for low-power and lossy networks},
  author={Dawson-Haggerty, S. and Tavakoli, A. and Culler, D.},
  booktitle={Smart Grid Communications (SmartGridComm)},
  year={2010},
  organization={IEEE}
}

@inproceedings{AODV,
  title={Ad-hoc on-demand distance vector routing},
  author={Perkins, C. E and Royer, E. M.},
  booktitle={Mobile Computing Systems and Applications, 1999. Proceedings. WMCSA'99. Second IEEE Workshop on},
  year={1999}
}

@techreport{DSR,
  title={The dynamic source routing protocol for mobile ad hoc networks},
  author={Johnson, D and Hu, Y and Maltz, D and others},
  year={2007},
  institution={RFC 4728}
}

@misc{RPL,
  title={RPL: IPv6 routing protocol for low-power and lossy networks},
  author={Winter, T.},
  year={2012}
}

@book{trickle,
  title={Trickle: A self regulating algorithm for code propagation and maintenance in wireless sensor networks},
  author={Levis, P. A. and Patel, N. and Culler, D. and Shenker, S.},
  year={2003},
  publisher={Computer Science Division, University of California}
}


@inproceedings{betaFactor,
  title={The $\beta$-factor: measuring wireless link burstiness},
  author={Srinivasan, K. and Kazandjieva, M. A. and Agarwal, S. and Levis, P.},
  booktitle={Proceedings of the 6th ACM conference on Embedded network sensor systems},
  year={2008},
  organization={ACM}
}

@misc{dymo,
    title   = "Dynamic MANET On-demand (AODVv2) Routing draft-ietf-manet-dymo-26.",
    year     = "2013",
    howpublished = "\url{http://tools.ietf.org/html/draft-ietf-manet-dymo-26}"
}

@misc{tymo,
    title   = {{"TYMO: DYMO on TinyOS."}},
    year     = "2008",
    howpublished = "\url{http://tinyos.stanford.edu/tinyos-wiki/index.php/Tymo}"
}

@incollection{tinyos,
  title={TinyOS: An operating system for sensor networks},
  author={Levis, P. and Madden, S. and Polastre, J. and Szewczyk, R. and Whitehouse, K. and Woo, A. and Gay, D. and Hill, J. and Welsh, M. and Brewer, E. and others},
  booktitle={Ambient intelligence},
  year={2005},
  publisher={Springer}
}

@inproceedings{tossim,
  title={TOSSIM: Accurate and scalable simulation of entire TinyOS applications},
  author={Levis, P. and Lee, N. and Welsh, M. and Culler, D.},
  booktitle={Proceedings of the 1st international conference on Embedded networked sensor systems},
  year={2003},
  organization={ACM}
}

@inproceedings{flush,
 author = {Kim, S. and Fonseca, R. and Dutta, P. and Tavakoli, A. and Culler, D; and Levis, P. and Shenker, S. and Stoica, I.},
 title = {Flush: A Reliable Bulk Transport Protocol for Multihop Wireless Networks},
 booktitle = {Proceedings of the 5th International Conference on Embedded Networked Sensor Systems},
 year = {2007},
 location = {Sydney, Australia},
 publisher = {ACM}
} 

@inproceedings{RCRT,
 author = {Paek, J. and Govindan, R.},
 title = {RCRT: Rate-controlled Reliable Transport for Wireless Sensor Networks},
 booktitle = {Proceedings of the 5th International Conference on Embedded Networked Sensor Systems},
 year = {2007},
 location = {Sydney, Australia},
 publisher = {ACM}
} 


@INPROCEEDINGS{STCP, 
author={Xin-Sheng Wang and Yong-Zhao Zhan and Liang-min Wang}, 
booktitle={Wireless Communications, Networking and Mobile Computing, 2008. WiCOM '08. 4th International Conference on}, 
title={STCP: Secure Topology Control Protocol for Wireless Sensor Networks Based on Hexagonal Mesh}, 
year={2008}
}


@inproceedings{mintroute,
 author = {Woo, A. and Tong, T. and Culler, D.},
 title = {Taming the Underlying Challenges of Reliable Multihop Routing in Sensor Networks},
 booktitle = {Proceedings of the 1st International Conference on Embedded Networked Sensor Systems},
 year = {2003},
 location = {Los Angeles, California, USA},
 publisher = {ACM}
} 



@ARTICLE{directedDiffusion, 
author={Intanagonwiwat, C. and Govindan, R. and Estrin, D. and Heidemann, J. and Silva, F.}, 
journal={Networking, IEEE/ACM Transactions}, 
title={Directed diffusion for wireless sensor networking}, 
year={2003} 
}


@INPROCEEDINGS{contiki, 
author={Dunkels, A and Gronvall, B. and Voigt, T.}, 
booktitle={Local Computer Networks, 29th IEEE International Conference}, 
title={Contiki - a lightweight and flexible operating system for tiny networked sensors}, 
year={2004}
}